@misc{Lineamie24:online,
author = {Subsecretaría de Prevención y Promoción de la Salud, México},
title = {Lineamiento\_Espacio\_Cerrado\_27Mar2020\_1830},
howpublished = {\url{https://coronavirus.gob.mx/wp-content/uploads/2020/03/Lineamiento_Espacio_Cerrado_27032020.pdf}},
month = {March},
year = {2020},
note = {(Accessed on 05/18/2020)}
}
@misc{DatosAbi46:online,
author = {Subsecretaría de Prevención y Promoción de la Salud, México},
title = {Datos Abiertos - Dirección General de Epidemiología | Secretaría de Salud | Gobierno | gob.mx},
howpublished = {\url{https://www.gob.mx/salud/documentos/datos-abiertos-152127}},
month = {May},
year = {17},
note = {(Accessed on 05/18/2020)}
}